<record><leader>00000cas a22000007a 4500</leader><controlfield tag="001">23109461</controlfield><controlfield tag="008">910215d197919uumauwr ne      0   a0eng d</controlfield><datafield ind1=" " ind2=" " tag="010"><subfield code="a">sn 91057009 </subfield></datafield><datafield ind1=" " ind2=" " tag="040"><subfield code="a">MGN</subfield><subfield code="b">eng</subfield><subfield code="c">MGN</subfield><subfield code="d">NSD</subfield><subfield code="d">OCLCQ</subfield></datafield><datafield ind1=" " ind2=" " tag="012"><subfield code="j">0</subfield><subfield code="m">d</subfield></datafield><datafield ind1="1" ind2=" " tag="022"><subfield code="a">1082-2305</subfield><subfield code="l">1082-2305</subfield><subfield code="2">1</subfield></datafield><datafield ind1=" " ind2=" " tag="037"><subfield code="b">Beacon Community Newspapers, 150 Baker Ave. Extension, Ste. 305, POB 9191, Concord, MA 01742</subfield></datafield><datafield ind1=" " ind2=" " tag="042"><subfield code="a">msc</subfield><subfield code="a">nsdp</subfield></datafield><datafield ind1=" " ind2="0" tag="222"><subfield code="a">Southborough villager</subfield></datafield><datafield ind1="0" ind2="0" tag="245"><subfield code="a">Southborough villager.</subfield></datafield><datafield ind1=" " ind2=" " tag="260"><subfield code="a">Marlboro, Mass. :</subfield><subfield code="b">Christopher A. Eddings</subfield></datafield><datafield ind1=" " ind2=" " tag="300"><subfield code="a">v.</subfield></datafield><datafield ind1=" " ind2=" " tag="310"><subfield code="a">Weekly</subfield></datafield><datafield ind1="1" ind2=" " tag="362"><subfield code="a">Began Nov. 30, 1979?</subfield></datafield><datafield ind1=" " ind2=" " tag="500"><subfield code="a">Published: Concord, MA : Beacon Community Newspapers, &lt;Jan. 26, 1995-&gt;</subfield></datafield><datafield ind1=" " ind2=" " tag="588"><subfield code="a">Description based on: Vol. 10, no. 1 (Aug. 3, 1989).</subfield></datafield><datafield ind1=" " ind2=" " tag="588"><subfield code="a">Latest issue consulted: Vol. 16, no. 25 (Jan. 26, 1995).</subfield></datafield><datafield ind1=" " ind2=" " tag="752"><subfield code="a">United States</subfield><subfield code="b">Massachusetts</subfield><subfield code="c">Middlesex</subfield><subfield code="d">Marlboro.</subfield></datafield><datafield ind1=" " ind2=" " tag="752"><subfield code="a">United States</subfield><subfield code="b">Massachusetts</subfield><subfield code="c">Worcester</subfield><subfield code="d">Southborough.</subfield></datafield><datafield ind1="0" ind2="0" tag="785"><subfield code="t">Villager (Framingham, Mass.)</subfield><subfield code="x">1533-8282</subfield><subfield code="w">(DLC)  2001211564</subfield></datafield><datafield ind1="1" ind2=" " tag="029"><subfield code="a">AU@</subfield><subfield code="b">000020631949</subfield></datafield></record>